@ARTICLE{2011arXiv1111.6598G,
   author = {{Guo}, H. and {Zehavi}, I. and {Zheng}, Z.},
   title = "{An Accurate Method to Correct for Fiber Collisions in Galaxy Clustering Statistics}",
   journal = {ArXiv e-prints},
   archivePrefix = "arXiv",
   eprint = {1111.6598},
   primaryClass = "astro-ph.CO",
   keywords = {Astrophysics - Cosmology and Extragalactic Astrophysics},
   year = 2011,
   month = nov,
   adsurl = {http://adsabs.harvard.edu/abs/2011arXiv1111.6598G},
   adsnote = {Provided by the SAO/NASA Astrophysics Data System}
}

@ARTICLE{2006ApJS..167....1B,
   author = {{Berlind}, A.Ã. and {Frieman}, J. and {Weinberg}, D.~H. and 
   {Blanton}, M.~R. and {Warren}, M.~S. and {Abazajian}, K. and 
   {Scranton}, R. and {Hogg}, D.~W. and {Scoccimarro}, R. and {Bahcall}, N.Ã. and 
   {Brinkmann}, J. and {Gott}, III, J.~R. and {Kleinman}, S.~J. and 
   {Krzesinski}, J. and {Lee}, B.~C. and {Miller}, C.~J. and {Nitta}, A. and 
   {Schneider}, D.~P. and {Tucker}, D.~L. and {Zehavi}, I. and 
   {SDSS Collaboration}},
   title = "{Percolation Galaxy Groups and Clusters in the SDSS Redshift Survey: Identification, Catalogs, and the Multiplicity Function}",
   journal = {\apjs},
   eprint = {arXiv:astro-ph/0601346},
   keywords = {Galaxies: Clusters: General, Cosmology: Large-Scale Structure of Universe},
   year = 2006,
   month = nov,
   volume = 167,
   pages = {1-25},
   doi = {10.1086/508170},
   adsurl = {http://adsabs.harvard.edu/abs/2006ApJS..167....1B},
   adsnote = {Provided by the SAO/NASA Astrophysics Data System}
}
                                        
@ARTICLE{2002ApJ...571..172Z,
   author = {{Zehavi}, I. and {Blanton}, M.~R. and {Frieman}, J.Ã. and {Weinberg}, D.~H. and 
   {Mo}, H.~J. and {Strauss}, M.Ã. and {Anderson}, S.~F. and {Annis}, J. and 
   {Bahcall}, N.Ã. and {Bernardi}, M. and {Briggs}, J.~W. and 
   {Brinkmann}, J. and {Burles}, S. and {Carey}, L. and {Castander}, F.~J. and 
   {Connolly}, A.~J. and {Csabai}, I. and {Dalcanton}, J.~J. and 
   {Dodelson}, S. and {Doi}, M. and {Eisenstein}, D. and {Evans}, M.~L. and 
   {Finkbeiner}, D.~P. and {Friedman}, S. and {Fukugita}, M. and 
   {Gunn}, J.~E. and {Hennessy}, G.~S. and {Hindsley}, R.~B. and 
   {Ivezi{\'c}}, {\v Z}. and {Kent}, S. and {Knapp}, G.~R. and 
   {Kron}, R. and {Kunszt}, P. and {Lamb}, D.~Q. and {Leger}, R.~F. and 
   {Long}, D.~C. and {Loveday}, J. and {Lupton}, R.~H. and {McKay}, T. and 
   {Meiksin}, A. and {Merrelli}, A. and {Munn}, J.Ã. and {Narayanan}, V. and 
   {Newcomb}, M. and {Nichol}, R.~C. and {Owen}, R. and {Peoples}, J. and 
   {Pope}, A. and {Rockosi}, C.~M. and {Schlegel}, D. and {Schneider}, D.~P. and 
   {Scoccimarro}, R. and {Sheth}, R.~K. and {Siegmund}, W. and 
   {Smee}, S. and {Snir}, Y. and {Stebbins}, A. and {Stoughton}, C. and 
   {SubbaRao}, M. and {Szalay}, A.~S. and {Szapudi}, I. and {Tegmark}, M. and 
   {Tucker}, D.~L. and {Uomoto}, A. and {Vanden Berk}, D. and {Vogeley}, M.~S. and 
   {Waddell}, P. and {Yanny}, B. and {York}, D.~G.},
   title = "{Galaxy Clustering in Early Sloan Digital Sky Survey Redshift Data}",
   journal = {\apj},
   eprint = {arXiv:astro-ph/0106476},
   keywords = {Cosmology: Observations, Cosmology: Theory, Cosmology: Dark Matter, Galaxies: Clusters: General, Galaxies: Distances and Redshifts, Cosmology: Large-Scale Structure of Universe},
   year = 2002,
   month = may,
   volume = 571,
   pages = {172-190},
   doi = {10.1086/339893},
   adsurl = {http://adsabs.harvard.edu/abs/2002ApJ...571..172Z},
   adsnote = {Provided by the SAO/NASA Astrophysics Data System}
}
                                        
@ARTICLE{2004PhRvD..70h3007S,
   author = {{Scoccimarro}, R.},
    title = "{Redshift-space distortions, pairwise velocities, and nonlinearities}",
  journal = {\prd},
   eprint = {arXiv:astro-ph/0407214},
 keywords = {Distances, redshifts, radial velocities; spatial distribution of galaxies, Superclusters; large-scale structure of the Universe},
     year = 2004,
    month = oct,
   volume = 70,
   number = 8,
      eid = {083007},
    pages = {083007},
      doi = {10.1103/PhysRevD.70.083007},
   adsurl = {http://adsabs.harvard.edu/abs/2004PhRvD..70h3007S},
  adsnote = {Provided by the SAO/NASA Astrophysics Data System}
}

@ARTICLE{2001MNRAS.325.1359S,
   author = {{Seljak}, U.},
    title = "{Redshift-space bias and {$\beta$} from the halo model}",
  journal = {\mnras},
   eprint = {arXiv:astro-ph/0009016},
 keywords = {COSMOLOGY: THEORY},
     year = 2001,
    month = aug,
   volume = 325,
    pages = {1359-1364},
      doi = {10.1046/j.1365-8711.2001.04508.x},
   adsurl = {http://adsabs.harvard.edu/abs/2001MNRAS.325.1359S},
  adsnote = {Provided by the SAO/NASA Astrophysics Data System}
}

@ARTICLE{2006MNRAS.369...68S,
   author = {{Skibba}, R. and {Sheth}, R.~K. and {Connolly}, A.~J. and {Scranton}, R.},
    title = "{The luminosity-weighted or `marked' correlation function}",
  journal = {\mnras},
   eprint = {arXiv:astro-ph/0512463},
 keywords = {methods: analytical: galaxies: formation: galaxies: haloes: dark matter: large-scale structure of Universe, methods: analytical, galaxies: formation, galaxies: haloes, dark matter, large-scale structure of Universe},
     year = 2006,
    month = jun,
   volume = 369,
    pages = {68-76},
      doi = {10.1111/j.1365-2966.2006.10196.x},
   adsurl = {http://adsabs.harvard.edu/abs/2006MNRAS.369...68S},
  adsnote = {Provided by the SAO/NASA Astrophysics Data System}
}

@ARTICLE{2009MNRAS.392.1080S,
   author = {{Skibba}, R.~A. and {Sheth}, R.~K.},
    title = "{A halo model of galaxy colours and clustering in the Sloan Digital Sky Survey}",
  journal = {\mnras},
archivePrefix = "arXiv",
   eprint = {0805.0310},
 keywords = {methods: analytical , methods: statistical , galaxies: clusters: general , galaxies: formation , galaxies: haloes , large-scale structure of the universe},
     year = 2009,
    month = jan,
   volume = 392,
    pages = {1080-1091},
      doi = {10.1111/j.1365-2966.2008.14007.x},
   adsurl = {http://adsabs.harvard.edu/abs/2009MNRAS.392.1080S},
  adsnote = {Provided by the SAO/NASA Astrophysics Data System}
}

@ARTICLE{2004ApJ...608...16Z,
   author = {{Zehavi}, I. and {Weinberg}, D.~H. and {Zheng}, Z. and {Berlind}, A.~A. and 
   {Frieman}, J.~A. and {Scoccimarro}, R. and {Sheth}, R.~K. and 
   {Blanton}, M.~R. and {Tegmark}, M. and {Mo}, H.~J. and {Bahcall}, N.~A. and 
   {Brinkmann}, J. and {Burles}, S. and {Csabai}, I. and {Fukugita}, M. and 
   {Gunn}, J.~E. and {Lamb}, D.~Q. and {Loveday}, J. and {Lupton}, R.~H. and 
   {Meiksin}, A. and {Munn}, J.~A. and {Nichol}, R.~C. and {Schlegel}, D. and 
   {Schneider}, D.~P. and {SubbaRao}, M. and {Szalay}, A.~S. and 
   {Uomoto}, A. and {York}, D.~G. and {SDSS Collaboration}},
    title = "{On Departures from a Power Law in the Galaxy Correlation Function}",
  journal = {\apj},
   eprint = {arXiv:astro-ph/0301280},
 keywords = {Cosmology: Observations, Cosmology: Theory, Galaxies: Distances and Redshifts, Galaxies: Fundamental Parameters, Galaxies: Statistics, Cosmology: Large-Scale Structure of Universe},
     year = 2004,
    month = jun,
   volume = 608,
    pages = {16-24},
      doi = {10.1086/386535},
   adsurl = {http://adsabs.harvard.edu/abs/2004ApJ...608...16Z},
  adsnote = {Provided by the SAO/NASA Astrophysics Data System}
}

@ARTICLE{2010ApJS..190..311C,
   author = {{Carlson}, J. and {White}, M.},
    title = "{Embedding Realistic Surveys in Simulations Through Volume Remapping}",
  journal = {\apjs},
archivePrefix = "arXiv",
   eprint = {1003.3178},
 primaryClass = "astro-ph.CO",
 keywords = {large-scale structure of universe, methods: numerical},
     year = 2010,
    month = oct,
   volume = 190,
    pages = {311-314},
      doi = {10.1088/0067-0049/190/2/311},
   adsurl = {http://adsabs.harvard.edu/abs/2010ApJS..190..311C},
  adsnote = {Provided by the SAO/NASA Astrophysics Data System}
}

@article{citeulike:2825416,
    author = {Efron, B.},
    citeulike-article-id = {2825416},
    citeulike-linkout-0 = {http://dx.doi.org/10.2307/2958830},
    citeulike-linkout-1 = {http://www.jstor.org/stable/2958830},
    doi = {10.2307/2958830},
    issn = {00905364},
    journal = {The Annals of Statistics},
    keywords = {bootstrap, delta-method, statistics},
    number = {1},
    pages = {1--26},
    posted-at = {2008-06-17 19:02:16},
    priority = {3},
    publisher = {Institute of Mathematical Statistics},
    title = {Bootstrap Methods: Another Look at the Jackknife},
    url = {http://dx.doi.org/10.2307/2958830},
    volume = {7},
    year = {1979}
}

@BOOK{1980lssu.book.....P,
   author = {{Peebles}, P.~J.~E.},
    title = "{The large-scale structure of the universe}",
 keywords = {COSMOLOGY, GALACTIC CLUSTERS, GALACTIC EVOLUTION, UNIVERSE, ASTRONOMICAL MODELS, CORRELATION, MASS DISTRIBUTION, PARTICLE MOTION, RELATIVISTIC THEORY, STATISTICAL DISTRIBUTIONS},
booktitle = {Research supported by the National Science Foundation.~Princeton, N.J., Princeton University Press, 1980.~435 p.},
     year = 1980,
   editor = "{Peebles, P.~J.~E.}",
   adsurl = {http://adsabs.harvard.edu/abs/1980lssu.book.....P},
  adsnote = {Provided by the SAO/NASA Astrophysics Data System}
}

@ARTICLE{1983ApJ...267..465D,
   author = {{Davis}, M. and {Peebles}, P.~J.~E.},
   title = "{A survey of galaxy redshifts. V - The two-point
   position and velocity correlations}",
   journal = {\apj},
   keywords = {COSMOLOGY, GALACTIC CLUSTERS, GALAXIES, RED
   SHIFT, CORRELATION, LINE OF SIGHT, MASS DISTRIBUTION,
   POSITION (LOCATION), VELOCITY DISTRIBUTION},
   year = 1983,
   month = apr,
   volume = 267,
   pages = {465-482},
   doi = {10.1086/160884},
   adsurl =
   {http://adsabs.harvard.edu/abs/1983ApJ...267..465D},
   adsnote = {Provided by the
   SAO/NASA Astrophysics Data System}
}

@ARTICLE{1993ApJ...417...19H,
   author = {{Hamilton}, A.~J.~S.},
    title = "{Toward Better Ways to Measure the Galaxy Correlation Function}",
  journal = {\apj},
 keywords = {COSMOLOGY: THEORY, GALAXIES: CLUSTERING, METHODS: STATISTICAL},
     year = 1993,
    month = nov,
   volume = 417,
    pages = {19-+},
      doi = {10.1086/173288},
   adsurl = {http://adsabs.harvard.edu/abs/1993ApJ...417...19H},
  adsnote = {Provided by the SAO/NASA Astrophysics Data System}
}

@ARTICLE{1993ApJ...412...64L,
   author = {{Landy}, S.~D. and {Szalay}, A.~S.},
    title = "{Bias and variance of angular correlation functions}",
  journal = {\apj},
 keywords = {ANGULAR CORRELATION, BIAS, COMPUTATIONAL ASTROPHYSICS, GALACTIC CLUSTERS, VARIANCE, CORRELATION COEFFICIENTS, MONTE CARLO METHOD, RANDOM VARIABLES},
     year = 1993,
    month = jul,
   volume = 412,
    pages = {64-71},
      doi = {10.1086/172900},
   adsurl = {http://adsabs.harvard.edu/abs/1993ApJ...412...64L},
  adsnote = {Provided by the SAO/NASA Astrophysics Data System}
}

@ARTICLE{2009MNRAS.396...19N,
   author = {{Norberg}, P. and {Baugh}, C.~M. and {Gazta{\~n}aga}, E. and 
   {Croton}, D.~J.},
    title = "{Statistical analysis of galaxy surveys - I. Robust error estimation for two-point clustering statistics}",
  journal = {\mnras},
archivePrefix = "arXiv",
   eprint = {0810.1885},
 keywords = {galaxies: statistics , cosmology: theory , large-scale structure of Universe},
     year = 2009,
    month = jun,
   volume = 396,
    pages = {19-38},
      doi = {10.1111/j.1365-2966.2009.14389.x},
   adsurl = {http://adsabs.harvard.edu/abs/2009MNRAS.396...19N},
  adsnote = {Provided by the SAO/NASA Astrophysics Data System}
}

