@book {rKUI74a,
   author = {L. Kuipers and H. Niederreiter},
   title = {Uniform Distribution of Sequences},
   publisher = {John Wiley},
   year = {1974},
   address = {New York, NY}
}

