@INPROCEEDINGS{2001misk.conf...71M,
   author = {{Moore}, A.~W. and {Connolly}, A.~J. and {Genovese}, C.
   and 
   {Gray}, A. and {Grone}, L. and {Kanidoris}, II, N. and {Nichol},
   R.~C. and 
   {Schneider}, J. and {Szalay}, A.~S. and {Szapudi}, I. and
   {Wasserman}, L.
   },
   title = "{Fast Algorithms and Efficient Statistics: N-Point
   Correlation Functions}",
   booktitle = {Mining the Sky},
   year = 2001,
   eprint = {arXiv:astro-ph/0012333},
   editor = {{Banday}, A.~J. and {Zaroubi}, S. and {Bartelmann}, M.},
   pages = {71},
   doi = {10.1007/10849171_5},
   adsurl = {http://adsabs.harvard.edu/abs/2001misk.conf...71M},
   adsnote = {Provided by the SAO/NASA Astrophysics Data System}
}
                                 
