@ARTICLE{2011ApJS..193...29A,
   author = {{Aihara}, H. and {Allende Prieto}, C. and {An}, D. and {Anderson}, S.~F. and 
   {Aubourg}, {\'E}. and {Balbinot}, E. and {Beers}, T.~C. and 
   {Berlind}, A.~A. and {Bickerton}, S.~J. and {Bizyaev}, D. and 
   {Blanton}, M.~R. and {Bochanski}, J.~J. and {Bolton}, A.~S. and 
   {Bovy}, J. and {Brandt}, W.~N. and {Brinkmann}, J. and {Brown}, P.~J. and 
   {Brownstein}, J.~R. and {Busca}, N.~G. and {Campbell}, H. and 
   {Carr}, M.~A. and {Chen}, Y. and {Chiappini}, C. and {Comparat}, J. and 
   {Connolly}, N. and {Cortes}, M. and {Croft}, R.~A.~C. and {Cuesta}, A.~J. and 
   {da Costa}, L.~N. and {Davenport}, J.~R.~A. and {Dawson}, K. and 
   {Dhital}, S. and {Ealet}, A. and {Ebelke}, G.~L. and {Edmondson}, E.~M. and 
   {Eisenstein}, D.~J. and {Escoffier}, S. and {Esposito}, M. and 
   {Evans}, M.~L. and {Fan}, X. and {Femen{\'{\i}}a Castell{\'a}}, B. and 
   {Font-Ribera}, A. and {Frinchaboy}, P.~M. and {Ge}, J. and {Gillespie}, B.~A. and 
   {Gilmore}, G. and {Gonz{\'a}lez Hern{\'a}ndez}, J.~I. and {Gott}, J.~R. and 
   {Gould}, A. and {Grebel}, E.~K. and {Gunn}, J.~E. and {Hamilton}, J.-C. and 
   {Harding}, P. and {Harris}, D.~W. and {Hawley}, S.~L. and {Hearty}, F.~R. and 
   {Ho}, S. and {Hogg}, D.~W. and {Holtzman}, J.~A. and {Honscheid}, K. and 
   {Inada}, N. and {Ivans}, I.~I. and {Jiang}, L. and {Johnson}, J.~A. and 
   {Jordan}, C. and {Jordan}, W.~P. and {Kazin}, E.~A. and {Kirkby}, D. and 
   {Klaene}, M.~A. and {Knapp}, G.~R. and {Kneib}, J.-P. and {Kochanek}, C.~S. and 
   {Koesterke}, L. and {Kollmeier}, J.~A. and {Kron}, R.~G. and 
   {Lampeitl}, H. and {Lang}, D. and {Le Goff}, J.-M. and {Lee}, Y.~S. and 
   {Lin}, Y.-T. and {Long}, D.~C. and {Loomis}, C.~P. and {Lucatello}, S. and 
   {Lundgren}, B. and {Lupton}, R.~H. and {Ma}, Z. and {MacDonald}, N. and 
   {Mahadevan}, S. and {Maia}, M.~A.~G. and {Makler}, M. and {Malanushenko}, E. and 
   {Malanushenko}, V. and {Mandelbaum}, R. and {Maraston}, C. and 
   {Margala}, D. and {Masters}, K.~L. and {McBride}, C.~K. and 
   {McGehee}, P.~M. and {McGreer}, I.~D. and {M{\'e}nard}, B. and 
   {Miralda-Escud{\'e}}, J. and {Morrison}, H.~L. and {Mullally}, F. and 
   {Muna}, D. and {Munn}, J.~A. and {Murayama}, H. and {Myers}, A.~D. and 
   {Naugle}, T. and {Neto}, A.~F. and {Nguyen}, D.~C. and {Nichol}, R.~C. and 
   {O'Connell}, R.~W. and {Ogando}, R.~L.~C. and {Olmstead}, M.~D. and 
   {Oravetz}, D.~J. and {Padmanabhan}, N. and {Palanque-Delabrouille}, N. and 
   {Pan}, K. and {Pandey}, P. and {P{\^a}ris}, I. and {Percival}, W.~J. and 
   {Petitjean}, P. and {Pfaffenberger}, R. and {Pforr}, J. and 
   {Phleps}, S. and {Pichon}, C. and {Pieri}, M.~M. and {Prada}, F. and 
   {Price-Whelan}, A.~M. and {Raddick}, M.~J. and {Ramos}, B.~H.~F. and 
   {Reyl{\'e}}, C. and {Rich}, J. and {Richards}, G.~T. and {Rix}, H.-W. and 
   {Robin}, A.~C. and {Rocha-Pinto}, H.~J. and {Rockosi}, C.~M. and 
   {Roe}, N.~A. and {Rollinde}, E. and {Ross}, A.~J. and {Ross}, N.~P. and 
   {Rossetto}, B.~M. and {S{\'a}nchez}, A.~G. and {Sayres}, C. and 
   {Schlegel}, D.~J. and {Schlesinger}, K.~J. and {Schmidt}, S.~J. and 
   {Schneider}, D.~P. and {Sheldon}, E. and {Shu}, Y. and {Simmerer}, J. and 
   {Simmons}, A.~E. and {Sivarani}, T. and {Snedden}, S.~A. and 
   {Sobeck}, J.~S. and {Steinmetz}, M. and {Strauss}, M.~A. and 
   {Szalay}, A.~S. and {Tanaka}, M. and {Thakar}, A.~R. and {Thomas}, D. and 
   {Tinker}, J.~L. and {Tofflemire}, B.~M. and {Tojeiro}, R. and 
   {Tremonti}, C.~A. and {Vandenberg}, J. and {Vargas Maga{\~n}a}, M. and 
   {Verde}, L. and {Vogt}, N.~P. and {Wake}, D.~A. and {Wang}, J. and 
   {Weaver}, B.~A. and {Weinberg}, D.~H. and {White}, M. and {White}, S.~D.~M. and 
   {Yanny}, B. and {Yasuda}, N. and {Yeche}, C. and {Zehavi}, I.
   },
    title = "{The Eighth Data Release of the Sloan Digital Sky Survey: First Data from SDSS-III}",
  journal = {\apjs},
archivePrefix = "arXiv",
   eprint = {1101.1559},
 primaryClass = "astro-ph.IM",
 keywords = {atlases, catalogs, surveys},
     year = 2011,
    month = apr,
   volume = 193,
      eid = {29},
    pages = {29},
      doi = {10.1088/0067-0049/193/2/29},
   adsurl = {http://adsabs.harvard.edu/abs/2011ApJS..193...29A},
  adsnote = {Provided by the SAO/NASA Astrophysics Data System}
}


@ARTICLE{2006AN....327..821T,
   author = {{Tucker}, D.~L. and {Kent}, S. and {Richmond}, M.~W. and
   {Annis}, J. and 
   {Smith}, J.Ã. and {Allam}, S.~S. and {Rodgers}, C.~T. and {Stute},
   J.~L. and 
   {Adelman-McCarthy}, J.~K. and {Brinkmann}, J. and {Doi}, M. and 
   {Finkbeiner}, D. and {Fukugita}, M. and {Goldston}, J. and
   {Greenway}, B. and 
   {Gunn}, J.~E. and {Hendry}, J.~S. and {Hogg}, D.~W. and {Ichikawa},
   S.-I. and 
   {Ivezi{\'c}}, {\v Z}. and {Knapp}, G.~R. and {Lampeitl}, H. and 
   {Lee}, B.~C. and {Lin}, H. and {McKay}, T.Ã. and {Merrelli}, A. and 
   {Munn}, J.Ã. and {Neilsen}, Jr., E.~H. and {Newberg}, H.~J. and 
   {Richards}, G.~T. and {Schlegel}, D.~J. and {Stoughton}, C. and 
   {Uomoto}, A. and {Yanny}, B.},
   title = "{The Sloan Digital Sky Survey monitor telescope
   pipeline}",
   journal = {Astronomische Nachrichten},
   eprint = {arXiv:astro-ph/0608575},
   keywords = {methods: data analysis, techniques: image
   processing, techniques: photometric, surveys},
   year = 2006,
   month = nov,
   volume = 327,
   pages = {821},
   doi = {10.1002/asna.200610655},
   adsurl = {http://adsabs.harvard.edu/abs/2006AN....327..821T},
   adsnote = {Provided by the SAO/NASA Astrophysics Data System}
}
                                        
@ARTICLE{2010AJ....139.1628D,
   author = {{Doi}, M. and {Tanaka}, M. and {Fukugita}, M. and {Gunn},
   J.~E. and 
   {Yasuda}, N. and {Ivezi{\'c}}, {\v Z}. and {Brinkmann}, J. and 
   {de Haars}, E. and {Kleinman}, S.~J. and {Krzesinski}, J. and 
   {French Leger}, R.},
   title = "{Photometric Response Functions of the Sloan Digital Sky Survey Imager}",
   journal = {\aj},
   archivePrefix = "arXiv",
   eprint = {1002.3701},
   primaryClass = "astro-ph.IM",
   keywords = {galaxies: photometry, surveys, techniques:
   photometric},
   year = 2010,
   month = apr,
   volume = 139,
   pages = {1628-1648},
   doi = {10.1088/0004-6256/139/4/1628},
   adsurl = {http://adsabs.harvard.edu/abs/2010AJ....139.1628D},
   adsnote = {Provided by the SAO/NASA Astrophysics Data System}
}
                                         
@ARTICLE{2002AJ....123.2121S,
   author = {{Smith}, J.Ã. and {Tucker}, D.~L. and {Kent}, S. and
   {Richmond}, M.~W. and 
   {Fukugita}, M. and {Ichikawa}, T. and {Ichikawa}, S.-i. and 
   {Jorgensen}, A.~M. and {Uomoto}, A. and {Gunn}, J.~E. and {Hamabe},
   M. and 
   {Watanabe}, M. and {Tolea}, A. and {Henden}, A. and {Annis}, J. and 
   {Pier}, J.~R. and {McKay}, T.Ã. and {Brinkmann}, J. and {Chen}, B. and 
   {Holtzman}, J. and {Shimasaku}, K. and {York}, D.~G.},
   title = "{The u'g'r'i'z' Standard-Star System}",
   journal = {\aj},
   eprint = {arXiv:astro-ph/0201143},
   keywords = {Catalogs, Standards, Stars: Fundamental Parameters},
   year = 2002,
   month = apr,
   volume = 123,
   pages = {2121-2144},
   doi = {10.1086/339311},
   adsurl = {http://adsabs.harvard.edu/abs/2002AJ....123.2121S},
   adsnote = {Provided by the SAO/NASA Astrophysics Data System}
}
                                        
@ARTICLE{2011AJ....142...72E,
   author = {{Eisenstein}, D.~J. and {Weinberg}, D.~H. and {Agol}, E.
   and 
   {Aihara}, H. and {Allende Prieto}, C. and {Anderson}, S.~F. and 
   {Arns}, J.Ã. and {Aubourg}, {\'E}. and {Bailey}, S. and {Balbinot},
   E. and et al.},
   title = "{SDSS-III: Massive Spectroscopic Surveys of the
   Distant Universe, the Milky Way, and Extra-Solar Planetary Systems}",
   journal = {\aj},
   archivePrefix = "arXiv",
   eprint = {1101.1529},
   primaryClass = "astro-ph.IM",
   keywords = {cosmology: observations, Galaxy: evolution,
   planets and satellites: detection, surveys},
   year = 2011,
   month = sep,
   volume = 142,
   eid = {72},
   pages = {72},
   doi = {10.1088/0004-6256/142/3/72},
   adsurl = {http://adsabs.harvard.edu/abs/2011AJ....142...72E},
   adsnote = {Provided by the SAO/NASA Astrophysics Data System}
}                                               

@ARTICLE{2000AJ....120.1579Y,
   author = {{York}, D.~G. and {Adelman}, J. and {Anderson}, Jr., J.~E. and 
   {Anderson}, S.~F. and {Annis}, J. and {Bahcall}, N.Ã. and {Bakken}, J.Ã.
   and {Barkhouser}, R. and {Bastian}, S. and {Berman}, E. and {Boroski}, W.Ñ.
   and {Bracker}, S. and {Briegel}, C. and {Briggs}, J.~W. and {Brinkmann}, J.
   and {Brunner}, R. and {Burles}, S. and {Carey}, L. and {Carr}, M.Ã. and 
   {Castander}, F.~J. and {Chen}, B. and {Colestock}, P.~L. and 
   {Connolly}, A.~J. and {Crocker}, J.~H. and {Csabai}, I. and 
   {Czarapata}, P.~C. and {Davis}, J.~E. and {Doi}, M. and {Dombeck}, T. and 
   {Eisenstein}, D. and {Ellman}, N. and {Elms}, B.~R. and {Evans}, M.~L. and 
   {Fan}, X. and {Federwitz}, G.~R. and {Fiscelli}, L. and {Friedman}, S. and 
   {Frieman}, J.Ã. and {Fukugita}, M. and {Gillespie}, B. and 
   {Gunn}, J.~E. and {Gurbani}, V.~K. and {de Haas}, E. and {Haldeman}, M.
   and {Harris}, F.~H. and {Hayes}, J. and {Heckman}, T.~M. and {Hennessy}, 
   G.~S. and 
   {Hindsley}, R.~B. and {Holm}, S. and {Holmgren}, D.~J. and {Huang}, C.-h.
   and {Hull}, C. and {Husby}, D. and {Ichikawa}, S.-I. and {Ichikawa}, T. and 
   {Ivezi{\'c}}, {\v Z}. and {Kent}, S. and {Kim}, R.~S.~J. and 
   {Kinney}, E. and {Klaene}, M. and {Kleinman}, A.Ñ. and {Kleinman}, S. and 
   {Knapp}, G.~R. and {Korienek}, J. and {Kron}, R.~G. and {Kunszt}, P.~Z.
   and {Lamb}, D.~Q. and {Lee}, B. and {Leger}, R.~F. and {Limmongkol}, S. and 
   {Lindenmeyer}, C. and {Long}, D.~C. and {Loomis}, C. and {Loveday}, J. and 
   {Lucinio}, R. and {Lupton}, R.~H. and {MacKinnon}, B. and {Mannery},
   E.~J. and 
   {Mantsch}, P.~M. and {Margon}, B. and {McGehee}, P. and {McKay}, T.Ã. and 
   {Meiksin}, A. and {Merelli}, A. and {Monet}, D.~G. and {Munn}, J.Ã. and 
   {Narayanan}, V.~K. and {Nash}, T. and {Neilsen}, E. and {Neswold}, R. and 
   {Newberg}, H.~J. and {Nichol}, R.~C. and {Nicinski}, T. and 
   {Nonino}, M. and {Okada}, N. and {Okamura}, S. and {Ostriker}, J.~P. and 
   {Owen}, R. and {Pauls}, A.~G. and {Peoples}, J. and {Peterson}, R.~L. and 
   {Petravick}, D. and {Pier}, J.~R. and {Pope}, A. and {Pordes}, R. and 
   {Prosapio}, A. and {Rechenmacher}, R. and {Quinn}, T.~R. and 
   {Richards}, G.~T. and {Richmond}, M.~W. and {Rivetta}, C.~H. and 
   {Rockosi}, C.~M. and {Ruthmansdorfer}, K. and {Sandford}, D. and 
   {Schlegel}, D.~J. and {Schneider}, D.~P. and {Sekiguchi}, M. and 
   {Sergey}, G. and {Shimasaku}, K. and {Siegmund}, W.Ã. and {Smee}, S. and 
   {Smith}, J.Ã. and {Snedden}, S. and {Stone}, R. and {Stoughton}, C. and 
   {Strauss}, M.Ã. and {Stubbs}, C. and {SubbaRao}, M. and {Szalay}, A.~S.
   and {Szapudi}, I. and {Szokoly}, G.~P. and {Thakar}, A.~R. and {Tremonti}, C.
   and {Tucker}, D.~L. and {Uomoto}, A. and {Vanden Berk}, D. and {Vogeley},
   M.~S. and 
   {Waddell}, P. and {Wang}, S.-i. and {Watanabe}, M. and {Weinberg}, D.~H.
   and {Yanny}, B. and {Yasuda}, N.},
   title = "{The Sloan Digital Sky Survey: Technical Summary}",
   journal = {\aj},
   eprint = {arXiv:astro-ph/0006396},
   year = 2000,
   month = sep,
   volume = 120,
   pages = {1579-1587},
   doi = {10.1086/301513},
   adsurl = {http://adsabs.harvard.edu/abs/2000AJ....120.1579Y},
   adsnote = {Provided by the Smithsonian/NASA Astrophysics Data System}
}

@ARTICLE{2003AJ....126.2081A,
   author = {{Abazajian}, K. and {Adelman-McCarthy}, J.~K. and
   {Ag{\"u}eros}, M.Ã. and 
   {Allam}, S.~S. and {Anderson}, S.~F. and {Annis}, J. and {Bahcall}, N.Ã.
   and 
   {Baldry}, I.~K. and {Bastian}, S. and {Berlind}, A. and {Bernardi}, M. and 
   {Blanton}, M.~R. and {Blythe}, N. and {Bochanski}, Jr., J.~J. and 
   {Boroski}, W.Ñ. and {Brewington}, H. and {Briggs}, J.~W. and 
   {Brinkmann}, J. and {Brunner}, R.~J. and {Budav{\'a}ri}, T. and 
   {Carey}, L.Ñ. and {Carr}, M.Ã. and {Castander}, F.~J. and 
   {Chiu}, K. and {Collinge}, M.~J. and {Connolly}, A.~J. and {Covey}, K.~R.
   and 
   {Csabai}, I. and {Dalcanton}, J.~J. and {Dodelson}, S. and {Doi}, M. and 
   {Dong}, F. and {Eisenstein}, D.~J. and {Evans}, M.~L. and {Fan}, X. and 
   {Feldman}, P.~D. and {Finkbeiner}, D.~P. and {Friedman}, S.~D. and 
   {Frieman}, J.Ã. and {Fukugita}, M. and {Gal}, R.~R. and {Gillespie}, B.
   and 
   {Glazebrook}, K. and {Gonzalez}, C.~F. and {Gray}, J. and {Grebel}, E.~K.
   and 
   {Grodnicki}, L. and {Gunn}, J.~E. and {Gurbani}, V.~K. and {Hall}, P.~B.
   and 
   {Hao}, L. and {Harbeck}, D. and {Harris}, F.~H. and {Harris}, H.~C. and 
   {Harvanek}, M. and {Hawley}, S.~L. and {Heckman}, T.~M. and 
   {Helmboldt}, J.~F. and {Hendry}, J.~S. and {Hennessy}, G.~S. and 
   {Hindsley}, R.~B. and {Hogg}, D.~W. and {Holmgren}, D.~J. and 
   {Holtzman}, J.Ã. and {Homer}, L. and {Hui}, L. and {Ichikawa}, S.-i. and 
   {Ichikawa}, T. and {Inkmann}, J.~P. and {Ivezi{\'c}}, {\v Z}. and 
   {Jester}, S. and {Johnston}, D.~E. and {Jordan}, B. and {Jordan}, W.~P.
   and 
   {Jorgensen}, A.~M. and {Juri{\'c}}, M. and {Kauffmann}, G. and 
   {Kent}, S.~M. and {Kleinman}, S.~J. and {Knapp}, G.~R. and {Kniazev},
   A.~Y. and 
   {Kron}, R.~G. and {Krzesi{\'n}ski}, J. and {Kunszt}, P.~Z. and 
   {Kuropatkin}, N. and {Lamb}, D.~Q. and {Lampeitl}, H. and {Laubscher},
   B.~E. and 
   {Lee}, B.~C. and {Leger}, R.~F. and {Li}, N. and {Lidz}, A. and 
   {Lin}, H. and {Loh}, Y.-S. and {Long}, D.~C. and {Loveday}, J. and 
   {Lupton}, R.~H. and {Malik}, T. and {Margon}, B. and {McGehee}, P.~M. and 
   {McKay}, T.Ã. and {Meiksin}, A. and {Miknaitis}, G.Ã. and 
   {Moorthy}, B.~K. and {Munn}, J.Ã. and {Murphy}, T. and {Nakajima}, R. and 
   {Narayanan}, V.~K. and {Nash}, T. and {Neilsen}, Jr., E.~H. and 
   {Newberg}, H.~J. and {Newman}, P.~R. and {Nichol}, R.~C. and 
   {Nicinski}, T. and {Nieto-Santisteban}, M. and {Nitta}, A. and 
   {Odenkirchen}, M. and {Okamura}, S. and {Ostriker}, J.~P. and 
   {Owen}, R. and {Padmanabhan}, N. and {Peoples}, J. and {Pier}, J.~R. and 
   {Pindor}, B. and {Pope}, A.~C. and {Quinn}, T.~R. and {Rafikov}, R.~R. and 
   {Raymond}, S.Ñ. and {Richards}, G.~T. and {Richmond}, M.~W. and 
   {Rix}, H.-W. and {Rockosi}, C.~M. and {Schaye}, J. and {Schlegel}, D.~J.
   and 
   {Schneider}, D.~P. and {Schroeder}, J. and {Scranton}, R. and 
   {Sekiguchi}, M. and {Seljak}, U. and {Sergey}, G. and {Sesar}, B. and 
   {Sheldon}, E. and {Shimasaku}, K. and {Siegmund}, W.Ã. and 
   {Silvestri}, N.~M. and {Sinisgalli}, A.~J. and {Sirko}, E. and 
   {Smith}, J.Ã. and {Smol{\v c}i{\'c}}, V. and {Snedden}, S.Ã. and 
   {Stebbins}, A. and {Steinhardt}, C. and {Stinson}, G. and {Stoughton}, C.
   and 
   {Strateva}, I.~V. and {Strauss}, M.Ã. and {SubbaRao}, M. and 
   {Szalay}, A.~S. and {Szapudi}, I. and {Szkody}, P. and {Tasca}, L. and 
   {Tegmark}, M. and {Thakar}, A.~R. and {Tremonti}, C. and {Tucker}, D.~L.
   and 
   {Uomoto}, A. and {Vanden Berk}, D.~E. and {Vandenberg}, J. and 
   {Vogeley}, M.~S. and {Voges}, W. and {Vogt}, N.~P. and {Walkowicz}, L.~M.
   and 
   {Weinberg}, D.~H. and {West}, A.Ã. and {White}, S.~D.~M. and 
   {Wilhite}, B.~C. and {Willman}, B. and {Xu}, Y. and {Yanny}, B. and 
   {Yarger}, J. and {Yasuda}, N. and {Yip}, C.-W. and {Yocum}, D.~R. and 
   {York}, D.~G. and {Zakamska}, N.~L. and {Zehavi}, I. and {Zheng}, W. and 
   {Zibetti}, S. and {Zucker}, D.~B.},
   title = "{The First Data Release of the Sloan Digital Sky Survey}",
   journal = {\aj},
   year = 2003,
   month = oct,
   volume = 126,
   pages = {2081-2086},
   doi = {10.1086/378165},
   adsurl = {http://adsabs.harvard.edu/cgi-bin/nph-bib_query?bibcode=2003AJ....126.2081A&db_key=AST},
  adsnote = {Provided by the Smithsonian/NASA Astrophysics Data System}
}  

@ARTICLE{2004AJ....128..502A,
   author = {{Abazajian}, K. and {Adelman-McCarthy}, J.~K. and
   {Ag{\"u}eros}, M.Ã. and 
   {Allam}, S.~S. and {Anderson}, K. and {Anderson}, S.~F. and 
   {Annis}, J. and {Bahcall}, N.Ã. and {Baldry}, I.~K. and {Bastian}, S. and 
   {Berlind}, A. and {Bernardi}, M. and {Blanton}, M.~R. and {Bochanski},
   Jr., J.~J. and 
   {Boroski}, W.Ñ. and {Briggs}, J.~W. and {Brinkmann}, J. and 
   {Brunner}, R.~J. and {Budav{\'a}ri}, T. and {Carey}, L.Ñ. and 
   {Carliles}, S. and {Castander}, F.~J. and {Connolly}, A.~J. and 
   {Csabai}, I. and {Doi}, M. and {Dong}, F. and {Eisenstein}, D.~J. and 
   {Evans}, M.~L. and {Fan}, X. and {Finkbeiner}, D.~P. and {Friedman},
   S.~D. and 
   {Frieman}, J.Ã. and {Fukugita}, M. and {Gal}, R.~R. and {Gillespie}, B.
   and 
   {Glazebrook}, K. and {Gray}, J. and {Grebel}, E.~K. and {Gunn}, J.~E. and 
   {Gurbani}, V.~K. and {Hall}, P.~B. and {Hamabe}, M. and {Harris}, F.~H.
   and 
   {Harris}, H.~C. and {Harvanek}, M. and {Heckman}, T.~M. and 
   {Hendry}, J.~S. and {Hennessy}, G.~S. and {Hindsley}, R.~B. and 
   {Hogan}, C.~J. and {Hogg}, D.~W. and {Holmgren}, D.~J. and {Ichikawa},
   S.-i. and 
   {Ichikawa}, T. and {Ivezi{\'c}}, {\v Z}. and {Jester}, S. and 
   {Johnston}, D.~E. and {Jorgensen}, A.~M. and {Kent}, S.~M. and 
   {Kleinman}, S.~J. and {Knapp}, G.~R. and {Kniazev}, A.~Y. and 
   {Kron}, R.~G. and {Krzesinski}, J. and {Kunszt}, P.~Z. and {Kuropatkin},
   N. and 
   {Lamb}, D.~Q. and {Lampeitl}, H. and {Lee}, B.~C. and {Leger}, R.~F. and 
   {Li}, N. and {Lin}, H. and {Loh}, Y.-S. and {Long}, D.~C. and 
   {Loveday}, J. and {Lupton}, R.~H. and {Malik}, T. and {Margon}, B. and 
   {Matsubara}, T. and {McGehee}, P.~M. and {McKay}, T.Ã. and 
   {Meiksin}, A. and {Munn}, J.Ã. and {Nakajima}, R. and {Nash}, T. and 
   {Neilsen}, Jr., E.~H. and {Newberg}, H.~J. and {Newman}, P.~R. and 
   {Nichol}, R.~C. and {Nicinski}, T. and {Nieto-Santisteban}, M. and 
   {Nitta}, A. and {Okamura}, S. and {O'Mullane}, W. and {Ostriker}, J.~P.
   and 
   {Owen}, R. and {Padmanabhan}, N. and {Peoples}, J. and {Pier}, J.~R. and 
   {Pope}, A.~C. and {Quinn}, T.~R. and {Richards}, G.~T. and {Richmond},
   M.~W. and 
   {Rix}, H.-W. and {Rockosi}, C.~M. and {Schlegel}, D.~J. and 
   {Schneider}, D.~P. and {Scranton}, R. and {Sekiguchi}, M. and 
   {Seljak}, U. and {Sergey}, G. and {Sesar}, B. and {Sheldon}, E. and 
   {Shimasaku}, K. and {Siegmund}, W.Ã. and {Silvestri}, N.~M. and 
   {Smith}, J.Ã. and {Smol{\v c}i{\'c}}, V. and {Snedden}, S.Ã. and 
   {Stebbins}, A. and {Stoughton}, C. and {Strauss}, M.Ã. and 
   {SubbaRao}, M. and {Szalay}, A.~S. and {Szapudi}, I. and {Szkody}, P. and 
   {Szokoly}, G.~P. and {Tegmark}, M. and {Teodoro}, L. and {Thakar}, A.~R.
   and 
   {Tremonti}, C. and {Tucker}, D.~L. and {Uomoto}, A. and {Vanden Berk},
   D.~E. and 
   {Vandenberg}, J. and {Vogeley}, M.~S. and {Voges}, W. and {Vogt}, N.~P.
   and 
   {Walkowicz}, L.~M. and {Wang}, S.-i. and {Weinberg}, D.~H. and 
   {West}, A.Ã. and {White}, S.~D.~M. and {Wilhite}, B.~C. and 
   {Xu}, Y. and {Yanny}, B. and {Yasuda}, N. and {Yip}, C.-W. and 
   {Yocum}, D.~R. and {York}, D.~G. and {Zehavi}, I. and {Zibetti}, S. and 
   {Zucker}, D.~B.},
   title = "{The Second Data Release of the Sloan Digital Sky Survey}",
   journal = {\aj},
   eprint = {arXiv:astro-ph/0403325},
   year = 2004,
   month = jul,
   volume = 128,
   pages = {502-512},
   doi = {10.1086/421365},
   adsurl ={http://adsabs.harvard.edu/abs/2004AJ....128..502A},
   adsnote = {Provided by the Smithsonian/NASA Astrophysics Data System}
}

@ARTICLE{2006ApJS..162...38A,
   author = {{Adelman-McCarthy}, J.~K. and {Ag{\"u}eros}, M.Ã. and {Allam},
   S.~S. and 
   {Anderson}, K.~S.~J. and {Anderson}, S.~F. and {Annis}, J. and 
   {Bahcall}, N.Ã. and {Baldry}, I.~K. and {Barentine}, J.~C. and 
   {Berlind}, A. and {Bernardi}, M. and {Blanton}, M.~R. and {Boroski}, W.Ñ.
   and 
   {Brewington}, H.~J. and {Brinchmann}, J. and {Brinkmann}, J. and 
   {Brunner}, R.~J. and {Budav{\'a}ri}, T. and {Carey}, L.Ñ. and 
   {Carr}, M.Ã. and {Castander}, F.~J. and {Connolly}, A.~J. and 
   {Csabai}, I. and {Czarapata}, P.~C. and {Dalcanton}, J.~J. and 
   {Doi}, M. and {Dong}, F. and {Eisenstein}, D.~J. and {Evans}, M.~L. and 
   {Fan}, X. and {Finkbeiner}, D.~P. and {Friedman}, S.~D. and 
   {Frieman}, J.Ã. and {Fukugita}, M. and {Gillespie}, B. and 
   {Glazebrook}, K. and {Gray}, J. and {Grebel}, E.~K. and {Gunn}, J.~E. and 
   {Gurbani}, V.~K. and {de Haas}, E. and {Hall}, P.~B. and {Harris}, F.~H.
   and 
   {Harvanek}, M. and {Hawley}, S.~L. and {Hayes}, J. and {Hendry}, J.~S. and 
   {Hennessy}, G.~S. and {Hindsley}, R.~B. and {Hirata}, C.~M. and 
   {Hogan}, C.~J. and {Hogg}, D.~W. and {Holmgren}, D.~J. and {Holtzman},
   J.Ã. and 
   {Ichikawa}, S.-i. and {Ivezi{\'c}}, {\v Z}. and {Jester}, S. and 
   {Johnston}, D.~E. and {Jorgensen}, A.~M. and {Juri{\'c}}, M. and 
   {Kent}, S.~M. and {Kleinman}, S.~J. and {Knapp}, G.~R. and {Kniazev},
   A.~Y. and 
   {Kron}, R.~G. and {Krzesinski}, J. and {Kuropatkin}, N. and 
   {Lamb}, D.~Q. and {Lampeitl}, H. and {Lee}, B.~C. and {Leger}, R.~F. and 
   {Lin}, H. and {Long}, D.~C. and {Loveday}, J. and {Lupton}, R.~H. and 
   {Margon}, B. and {Mart{\'{\i}}nez-Delgado}, D. and {Mandelbaum}, R. and 
   {Matsubara}, T. and {McGehee}, P.~M. and {McKay}, T.Ã. and 
   {Meiksin}, A. and {Munn}, J.Ã. and {Nakajima}, R. and {Nash}, T. and 
   {Neilsen}, Jr., E.~H. and {Newberg}, H.~J. and {Newman}, P.~R. and 
   {Nichol}, R.~C. and {Nicinski}, T. and {Nieto-Santisteban}, M. and 
   {Nitta}, A. and {O'Mullane}, W. and {Okamura}, S. and {Owen}, R. and 
   {Padmanabhan}, N. and {Pauls}, G. and {Peoples}, J.~J. and {Pier}, J.~R.
   and 
   {Pope}, A.~C. and {Pourbaix}, D. and {Quinn}, T.~R. and {Richards}, G.~T.
   and 
   {Richmond}, M.~W. and {Rockosi}, C.~M. and {Schlegel}, D.~J. and 
   {Schneider}, D.~P. and {Schroeder}, J. and {Scranton}, R. and 
   {Seljak}, U. and {Sheldon}, E. and {Shimasaku}, K. and {Smith}, J.Ã. and 
   {Smol{\v c}i{\'c}}, V. and {Snedden}, S.Ã. and {Stoughton}, C. and 
   {Strauss}, M.Ã. and {SubbaRao}, M. and {Szalay}, A.~S. and 
   {Szapudi}, I. and {Szkody}, P. and {Tegmark}, M. and {Thakar}, A.~R. and 
   {Tucker}, D.~L. and {Uomoto}, A. and {Vanden Berk}, D.~E. and 
   {Vandenberg}, J. and {Vogeley}, M.~S. and {Voges}, W. and {Vogt}, N.~P.
   and 
   {Walkowicz}, L.~M. and {Weinberg}, D.~H. and {West}, A.Ã. and 
   {White}, S.~D.~M. and {Xu}, Y. and {Yanny}, B. and {Yocum}, D.~R. and 
   {York}, D.~G. and {Zehavi}, I. and {Zibetti}, S. and {Zucker}, D.~B.
   },
   title = "{The Fourth Data Release of the Sloan Digital Sky Survey}",
   journal = {\apjs},
   eprint = {astro-ph/0507711},
   year = 2006,
   month = jan,
   volume = 162,
   pages = {38-48},
   doi = {10.1086/497917},
   adsurl = {http://adsabs.harvard.edu/cgi-bin/nph-bib_query?bibcode=2006ApJS..162...38A&db_key=AST},
   adsnote = {Provided by the Smithsonian/NASA Astrophysics Data System}
}

@ARTICLE{2003MNRAS.344.1000B,
   author = {{Bruzual}, G. and {Charlot}, S.},
    title = "{Stellar population synthesis at the resolution of 2003}",
  journal = {\mnras},
   eprint = {arXiv:astro-ph/0309134},
 keywords = {stars: evolution, galaxies: evolution, galaxies: formation, galaxies: stellar content},
     year = 2003,
    month = oct,
   volume = 344,
    pages = {1000-1028},
      doi = {10.1046/j.1365-8711.2003.06897.x},
   adsurl = {http://adsabs.harvard.edu/abs/2003MNRAS.344.1000B},
  adsnote = {Provided by the SAO/NASA Astrophysics Data System}
}

@ARTICLE{2002AJ....123.2945R,
   author = {{Richards}, G.~T. and {Fan}, X. and {Newberg}, H.~J. and
   {Strauss}, M.Ã. and 
   {Vanden Berk}, D.~E. and {Schneider}, D.~P. and {Yanny}, B. and 
   {Boucher}, A. and {Burles}, S. and {Frieman}, J.Ã. and {Gunn}, J.~E. and 
   {Hall}, P.~B. and {Ivezi{\'c}}, {\v Z}. and {Kent}, S. and {Loveday}, J.
   and 
   {Lupton}, R.~H. and {Rockosi}, C.~M. and {Schlegel}, D.~J. and 
   {Stoughton}, C. and {SubbaRao}, M. and {York}, D.~G.},
   title = "{Spectroscopic Target Selection in the Sloan Digital Sky
   Survey: The Quasar Sample}",
   journal = {\aj},
   eprint = {astro-ph/0202251},
   year = 2002,
   month = jun,
   volume = 123,
   pages = {2945-2975},
   doi = {10.1086/340187},
   adsurl = {http://adsabs.harvard.edu/cgi-bin/nph-bib_query?bibcode=2002AJ....123.2945R&db_key=AST},
   adsnote = {Provided by the Smithsonian/NASA Astrophysics Data System}
}

@ARTICLE{2002AJ....124.1810S,
   author = {{Strauss}, M.Ã. and {Weinberg}, D.~H. and {Lupton}, R.~H. and 
   {Narayanan}, V.~K. and {Annis}, J. and {Bernardi}, M. and {Blanton}, M.
   and 
   {Burles}, S. and {Connolly}, A.~J. and {Dalcanton}, J. and {Doi}, M. and 
   {Eisenstein}, D. and {Frieman}, J.Ã. and {Fukugita}, M. and 
   {Gunn}, J.~E. and {Ivezi{\'c}}, {\v Z}. and {Kent}, S. and {Kim},
   R.~S.~J. and 
   {Knapp}, G.~R. and {Kron}, R.~G. and {Munn}, J.Ã. and {Newberg}, H.~J. and 
   {Nichol}, R.~C. and {Okamura}, S. and {Quinn}, T.~R. and {Richmond},
   M.~W. and 
   {Schlegel}, D.~J. and {Shimasaku}, K. and {SubbaRao}, M. and 
   {Szalay}, A.~S. and {Vanden Berk}, D. and {Vogeley}, M.~S. and 
   {Yanny}, B. and {Yasuda}, N. and {York}, D.~G. and {Zehavi}, I.
   },
   title = "{Spectroscopic Target Selection in the Sloan Digital Sky
   Survey: The Main Galaxy Sample}",
   journal = {\aj},
   eprint = {astro-ph/0206225},
   year = 2002,
   month = sep,
   volume = 124,
   pages = {1810-1824},
   doi = {10.1086/342343},
   adsurl = {http://adsabs.harvard.edu/cgi-bin/nph-bib_query?bibcode=2002AJ....124.1810S&db_key=AST},
   adsnote = {Provided by the Smithsonian/NASA Astrophysics Data System}
}

@ARTICLE{2001AJ....122.2267E,
   author = {{Eisenstein}, D.~J. and {Annis}, J. and {Gunn}, J.~E. and {Szalay}, A.~S. and 
   {Connolly}, A.~J. and {Nichol}, R.~C. and {Bahcall}, N.~A. and 
   {Bernardi}, M. and {Burles}, S. and {Castander}, F.~J. and {Fukugita}, M. and 
   {Hogg}, D.~W. and {Ivezi{\'c}}, {\v Z}. and {Knapp}, G.~R. and 
   {Lupton}, R.~H. and {Narayanan}, V. and {Postman}, M. and {Reichart}, D.~E. and 
   {Richmond}, M. and {Schneider}, D.~P. and {Schlegel}, D.~J. and 
   {Strauss}, M.~A. and {SubbaRao}, M. and {Tucker}, D.~L. and 
   {Vanden Berk}, D. and {Vogeley}, M.~S. and {Weinberg}, D.~H. and 
   {Yanny}, B.},
   title = "{Spectroscopic Target Selection for the Sloan Digital Sky Survey: The Luminous Red Galaxy Sample}",
   journal = {\aj},
   eprint = {astro-ph/0108153},
   year = 2001,
   month = nov,
   volume = 122,
   pages = {2267-2280},
   doi = {10.1086/323717},
   adsurl = {http://adsabs.harvard.edu/cgi-bin/nph-bib_query?bibcode=2001AJ....122.2267E&db_key=AST},
   adsnote = {Provided by the Smithsonian/NASA Astrophysics Data System}
}

@ARTICLE{1998AJ....116.3040G,
   author = {{Gunn}, J.~E. and {Carr}, M. and {Rockosi}, C. and {Sekiguchi},
   M. and 
   {Berry}, K. and {Elms}, B. and {de Haas}, E. and {Ivezi{\'c}}, {\v Z}. and 
   {Knapp}, G. and {Lupton}, R. and {Pauls}, G. and {Simcoe}, R. and 
   {Hirsch}, R. and {Sanford}, D. and {Wang}, S. and {York}, D. and 
   {Harris}, F. and {Annis}, J. and {Bartozek}, L. and {Boroski}, W. and 
   {Bakken}, J. and {Haldeman}, M. and {Kent}, S. and {Holm}, S. and 
   {Holmgren}, D. and {Petravick}, D. and {Prosapio}, A. and {Rechenmacher},
   R. and 
   {Doi}, M. and {Fukugita}, M. and {Shimasaku}, K. and {Okada}, N. and 
   {Hull}, C. and {Siegmund}, W. and {Mannery}, E. and {Blouke}, M. and 
   {Heidtman}, D. and {Schneider}, D. and {Lucinio}, R. and {Brinkman}, J.
   },
   title = "{The Sloan Digital Sky Survey Photometric Camera}",
   journal = {\aj},
   eprint = {arXiv:astro-ph/9809085},
   year = 1998,
   month = dec,
   volume = 116,
   pages = {3040-3081},
   doi = {10.1086/300645},
   adsurl = {http://adsabs.harvard.edu/abs/1998AJ....116.3040G},
   adsnote = {Provided by the Smithsonian/NASA Astrophysics Data System}
}

@ARTICLE{2006AJ....131.2332G,
   author = {{Gunn}, J.~E. and {Siegmund}, W.~A. and {Mannery}, E.~J. and 
   {Owen}, R.~E. and {Hull}, C.~L. and {Leger}, R.~F. and {Carey}, L.~N. and 
   {Knapp}, G.~R. and {York}, D.~G. and {Boroski}, W.~N. and {Kent}, S.~M. and 
   {Lupton}, R.~H. and {Rockosi}, C.~M. and {Evans}, M.~L. and 
   {Waddell}, P. and {Anderson}, J.~E. and {Annis}, J. and {Barentine}, J.~C. and 
   {Bartoszek}, L.~M. and {Bastian}, S. and {Bracker}, S.~B. and 
   {Brewington}, H.~J. and {Briegel}, C.~I. and {Brinkmann}, J. and 
   {Brown}, Y.~J. and {Carr}, M.~A. and {Czarapata}, P.~C. and 
   {Drennan}, C.~C. and {Dombeck}, T. and {Federwitz}, G.~R. and 
   {Gillespie}, B.~A. and {Gonzales}, C. and {Hansen}, S.~U. and 
   {Harvanek}, M. and {Hayes}, J. and {Jordan}, W. and {Kinney}, E. and 
   {Klaene}, M. and {Kleinman}, S.~J. and {Kron}, R.~G. and {Kresinski}, J. and 
   {Lee}, G. and {Limmongkol}, S. and {Lindenmeyer}, C.~W. and 
   {Long}, D.~C. and {Loomis}, C.~L. and {McGehee}, P.~M. and {Mantsch}, P.~M. and 
   {Neilsen}, Jr., E.~H. and {Neswold}, R.~M. and {Newman}, P.~R. and 
   {Nitta}, A. and {Peoples}, J.~J. and {Pier}, J.~R. and {Prieto}, P.~S. and 
   {Prosapio}, A. and {Rivetta}, C. and {Schneider}, D.~P. and 
   {Snedden}, S. and {Wang}, S.-i.},
   title = "{The 2.5 m Telescope of the Sloan Digital Sky Survey}",
   journal = {\aj},
   eprint = {astro-ph/0602326},
   year = 2006,
   month = apr,
   volume = 131,
   pages = {2332-2359},
   doi = {10.1086/500975},
   adsurl = {http://adsabs.harvard.edu/cgi-bin/nph-bib_query?bibcode=2006AJ....131.2332G&db_key=AST},
   adsnote = {Provided by the Smithsonian/NASA Astrophysics Data System}
}

@ARTICLE{2003AJ....125.1559P,
   author = {{Pier}, J.~R. and {Munn}, J.~A. and {Hindsley}, R.~B. and {Hennessy}, G.~S. and 
   {Kent}, S.~M. and {Lupton}, R.~H. and {Ivezi{\'c}}, {\v Z}.},
    title = "{Astrometric Calibration of the Sloan Digital Sky Survey}",
  journal = {\aj},
   eprint = {astro-ph/0211375},
     year = 2003,
    month = mar,
   volume = 125,
    pages = {1559-1579},
      doi = {10.1086/346138},
   adsurl = {http://adsabs.harvard.edu/cgi-bin/nph-bib_query?bibcode=2003AJ....125.1559P&db_key=AST},
  adsnote = {Provided by the Smithsonian/NASA Astrophysics Data System}
}

@ARTICLE{2002AJ....123.2121S,
   author = {{Smith}, J.~A. and {Tucker}, D.~L. and {Kent}, S. and {Richmond}, M.~W. and 
   {Fukugita}, M. and {Ichikawa}, T. and {Ichikawa}, S.-i. and 
   {Jorgensen}, A.~M. and {Uomoto}, A. and {Gunn}, J.~E. and {Hamabe}, M. and 
   {Watanabe}, M. and {Tolea}, A. and {Henden}, A. and {Annis}, J. and 
   {Pier}, J.~R. and {McKay}, T.~A. and {Brinkmann}, J. and {Chen}, B. and 
   {Holtzman}, J. and {Shimasaku}, K. and {York}, D.~G.},
   title = "{The u'g'r'i'z' Standard-Star System}",
   journal = {\aj},
   eprint = {astro-ph/0201143},
   year = 2002,
   month = apr,
   volume = 123,
   pages = {2121-2144},
   doi = {10.1086/339311},
   adsurl = {http://adsabs.harvard.edu/cgi-bin/nph-bib_query?bibcode=2002AJ....123.2121S&db_key=AST},
   adsnote = {Provided by the Smithsonian/NASA Astrophysics Data System}
}

@ARTICLE{2001AJ....122.2129H,
   author = {{Hogg}, D.~W. and {Finkbeiner}, D.~P. and {Schlegel}, D.~J. and 
   {Gunn}, J.~E.},
   title = "{A Photometricity and Extinction Monitor at the Apache Point Observatory}",
   journal = {\aj},
   eprint = {astro-ph/0106511},
   year = 2001,
   month = oct,
   volume = 122,
   pages = {2129-2138},
   doi = {10.1086/323103},
   adsurl = {http://adsabs.harvard.edu/cgi-bin/nph-bib_query?bibcode=2001AJ....122.2129H&db_key=AST},
   adsnote = {Provided by the Smithsonian/NASA Astrophysics Data System}
}

@INPROCEEDINGS{2001ASPC..238..269L,
   author = {{Lupton}, R. and {Gunn}, J.~E. and {Ivezi{\'c}}, Z. and {Knapp}, G.~R. and 
   {Kent}, S.},
    title = "{The SDSS Imaging Pipelines}",
booktitle = {ASP Conf. Ser. 238: Astronomical Data Analysis Software and Systems X},
     year = 2001,
   editor = {{Harnden}, Jr., F.~R. and {Primini}, F.~A. and {Payne}, H.~E.},
    pages = {269-+},
   adsurl = {http://adsabs.harvard.edu/cgi-bin/nph-bib_query?bibcode=2001ASPC..238..269L&db_key=AST},
  adsnote = {Provided by the Smithsonian/NASA Astrophysics Data System}
}

@ARTICLE{1996AJ....111.1748F,
   author = {{Fukugita}, M. and {Ichikawa}, T. and {Gunn}, J.~E. and {Doi},
   M. and {Shimasaku}, K. and {Schneider}, D.~P.},
   title = "{The Sloan Digital Sky Survey Photometric System}",
   journal = {\aj},
   year = 1996,
   month = apr,
   volume = 111,
   pages = {1748-+},
   doi = {10.1086/117915},
   adsurl = {http://adsabs.harvard.edu/abs/1996AJ....111.1748F},
   adsnote = {Provided by the Smithsonian/NASA Astrophysics Data System}
}

@ARTICLE{2003AJ....125.2276B,
   author = {{Blanton}, M.~R. and {Lin}, H. and {Lupton}, R.~H. and {Maley},
   F.~M. and {Young}, N. and {Zehavi}, I. and {Loveday}, J.},
   title = "{An Efficient Targeting Strategy for Multiobject
   Spectrograph Surveys: the Sloan Digital Sky Survey `Tiling''
   Algorithm}",
   journal = {\aj},
   eprint = {arXiv:astro-ph/0105535},
   year = 2003,
   month = apr,
   volume = 125,
   pages = {2276-2286},
   doi = {10.1086/344761},
   adsurl = {http://adsabs.harvard.edu/abs/2003AJ....125.2276B},
  adsnote = {Provided by the Smithsonian/NASA Astrophysics Data System}
}

@ARTICLE{2002AJ....123..485S,
   author = {{Stoughton}, C. and {Lupton}, R.~H. and {Bernardi}, M. and
   {Blanton}, M.~R. and 
   {Burles}, S. and {Castander}, F.~J. and {Connolly}, A.~J. and 
   {Eisenstein}, D.~J. and {Frieman}, J.Ã. and {Hennessy}, G.~S. and 
   {Hindsley}, R.~B. and {Ivezi{\'c}}, {\v Z}. and {Kent}, S. and 
   {Kunszt}, P.~Z. and {Lee}, B.~C. and {Meiksin}, A. and {Munn}, J.Ã. and 
   {Newberg}, H.~J. and {Nichol}, R.~C. and {Nicinski}, T. and 
   {Pier}, J.~R. and {Richards}, G.~T. and {Richmond}, M.~W. and 
   {Schlegel}, D.~J. and {Smith}, J.Ã. and {Strauss}, M.Ã. and 
   {SubbaRao}, M. and {Szalay}, A.~S. and {Thakar}, A.~R. and {Tucker},
   D.~L. and 
   {Vanden Berk}, D.~E. and {Yanny}, B. and {Adelman}, J.~K. and 
   {Anderson}, Jr., J.~E. and {Anderson}, S.~F. and {Annis}, J. and 
   {Bahcall}, N.Ã. and {Bakken}, J.Ã. and {Bartelmann}, M. and 
   {Bastian}, S. and {Bauer}, A. and {Berman}, E. and {B{\"o}hringer}, H. and 
   {Boroski}, W.Ñ. and {Bracker}, S. and {Briegel}, C. and {Briggs}, J.~W.
   and 
   {Brinkmann}, J. and {Brunner}, R. and {Carey}, L. and {Carr}, M.Ã. and 
   {Chen}, B. and {Christian}, D. and {Colestock}, P.~L. and {Crocker},
   J.~H. and 
   {Csabai}, I. and {Czarapata}, P.~C. and {Dalcanton}, J. and 
   {Davidsen}, A.~F. and {Davis}, J.~E. and {Dehnen}, W. and {Dodelson}, S.
   and 
   {Doi}, M. and {Dombeck}, T. and {Donahue}, M. and {Ellman}, N. and 
   {Elms}, B.~R. and {Evans}, M.~L. and {Eyer}, L. and {Fan}, X. and 
   {Federwitz}, G.~R. and {Friedman}, S. and {Fukugita}, M. and 
   {Gal}, R. and {Gillespie}, B. and {Glazebrook}, K. and {Gray}, J. and 
   {Grebel}, E.~K. and {Greenawalt}, B. and {Greene}, G. and {Gunn}, J.~E.
   and 
   {de Haas}, E. and {Haiman}, Z. and {Haldeman}, M. and {Hall}, P.~B. and 
   {Hamabe}, M. and {Hansen}, B. and {Harris}, F.~H. and {Harris}, H. and 
   {Harvanek}, M. and {Hawley}, S.~L. and {Hayes}, J.~J.~E. and 
   {Heckman}, T.~M. and {Helmi}, A. and {Henden}, A. and {Hogan}, C.~J. and 
   {Hogg}, D.~W. and {Holmgren}, D.~J. and {Holtzman}, J. and {Huang}, C.-H.
   and 
   {Hull}, C. and {Ichikawa}, S.-I. and {Ichikawa}, T. and {Johnston}, D.~E.
   and 
   {Kauffmann}, G. and {Kim}, R.~S.~J. and {Kimball}, T. and {Kinney}, E. and 
   {Klaene}, M. and {Kleinman}, S.~J. and {Klypin}, A. and {Knapp}, G.~R. and 
   {Korienek}, J. and {Krolik}, J. and {Kron}, R.~G. and {Krzesi{\'n}ski},
   J. and 
   {Lamb}, D.~Q. and {Leger}, R.~F. and {Limmongkol}, S. and {Lindenmeyer},
   C. and 
   {Long}, D.~C. and {Loomis}, C. and {Loveday}, J. and {MacKinnon}, B. and 
   {Mannery}, E.~J. and {Mantsch}, P.~M. and {Margon}, B. and {McGehee}, P.
   and 
   {McKay}, T.Ã. and {McLean}, B. and {Menou}, K. and {Merelli}, A. and 
   {Mo}, H.~J. and {Monet}, D.~G. and {Nakamura}, O. and {Narayanan}, V.~K.
   and 
   {Nash}, T. and {Neilsen}, Jr., E.~H. and {Newman}, P.~R. and 
   {Nitta}, A. and {Odenkirchen}, M. and {Okada}, N. and {Okamura}, S. and 
   {Ostriker}, J.~P. and {Owen}, R. and {Pauls}, A.~G. and {Peoples}, J. and 
   {Peterson}, R.~S. and {Petravick}, D. and {Pope}, A. and {Pordes}, R. and 
   {Postman}, M. and {Prosapio}, A. and {Quinn}, T.~R. and {Rechenmacher},
   R. and 
   {Rivetta}, C.~H. and {Rix}, H.-W. and {Rockosi}, C.~M. and {Rosner}, R.
   and 
   {Ruthmansdorfer}, K. and {Sandford}, D. and {Schneider}, D.~P. and 
   {Scranton}, R. and {Sekiguchi}, M. and {Sergey}, G. and {Sheth}, R. and 
   {Shimasaku}, K. and {Smee}, S. and {Snedden}, S.Ã. and {Stebbins}, A. and 
   {Stubbs}, C. and {Szapudi}, I. and {Szkody}, P. and {Szokoly}, G.~P. and 
   {Tabachnik}, S. and {Tsvetanov}, Z. and {Uomoto}, A. and {Vogeley}, M.~S.
   and 
   {Voges}, W. and {Waddell}, P. and {Walterbos}, R. and {Wang}, S.-i. and 
   {Watanabe}, M. and {Weinberg}, D.~H. and {White}, R.~L. and 
   {White}, S.~D.~M. and {Wilhite}, B. and {Wolfe}, D. and {Yasuda}, N. and 
   {York}, D.~G. and {Zehavi}, I. and {Zheng}, W.},
   title = "{Sloan Digital Sky Survey: Early Data Release}",
   journal = {\aj},
   year = 2002,
   month = jan,
   volume = 123,
   pages = {485-548},
   doi = {10.1086/324741},
   adsurl = {http://adsabs.harvard.edu/cgi-bin/nph-bib_query?bibcode=2002AJ....123..485S&db_key=AST},
   adsnote = {Provided by the Smithsonian/NASA Astrophysics Data System}
}

@ARTICLE{2004astro.ph..6220B,
   author = {{Brinchmann}, J. and {Charlot}, S. and {Heckman}, T.~M. and 
   {Kauffmann}, G. and {Tremonti}, C. and {White}, S.~D.~M.},
   title = "{Stellar masses, star formation rates, metallicities and AGN
   properties for 200,000 galaxies in the SDSS Data Release Two (DR2)}",
   journal = {ArXiv Astrophysics e-prints},
   eprint = {astro-ph/0406220},
   year = 2004,
   month = jun,
   adsurl = {http://adsabs.harvard.edu/cgi-bin/nph-bib_query?bibcode=2004astro.ph..6220B&db_key=PRE},
   adsnote = {Provided by the Smithsonian/NASA Astrophysics Data System}
}
  
@ARTICLE{2009ApJS..182..543A,
   author = {{Abazajian}, K.Ñ. and {Adelman-McCarthy}, J.~K. and
   {Ag{\"u}eros}, M.Ã. and 
   {Allam}, S.~S. and {Allende Prieto}, C. and {An}, D. and {Anderson},
   K.~S.~J. and 
   {Anderson}, S.~F. and {Annis}, J. and {Bahcall}, N.Ã. and {Bailer-Jones},
   C.Ã.~L. and 
   {Barentine}, J.~C. and {Bassett}, B.Ã. and {Becker}, A.~C. and 
   {Beers}, T.~C. and {Bell}, E.~F. and {Belokurov}, V. and {Berlind}, A.Ã.
   and 
   {Berman}, E.~F. and {Bernardi}, M. and {Bickerton}, S.~J. and 
   {Bizyaev}, D. and {Blakeslee}, J.~P. and {Blanton}, M.~R. and 
   {Bochanski}, J.~J. and {Boroski}, W.Ñ. and {Brewington}, H.~J. and 
   {Brinchmann}, J. and {Brinkmann}, J. and {Brunner}, R.~J. and 
   {Budav{\'a}ri}, T. and {Carey}, L.Ñ. and {Carliles}, S. and 
   {Carr}, M.Ã. and {Castander}, F.~J. and {Cinabro}, D. and {Connolly},
   A.~J. and 
   {Csabai}, I. and {Cunha}, C.~E. and {Czarapata}, P.~C. and {Davenport},
   J.~R.Ã. and 
   {de Haas}, E. and {Dilday}, B. and {Doi}, M. and {Eisenstein}, D.~J. and 
   {Evans}, M.~L. and {Evans}, N.~W. and {Fan}, X. and {Friedman}, S.~D. and 
   {Frieman}, J.Ã. and {Fukugita}, M. and {G{\"a}nsicke}, B.~T. and 
   {Gates}, E. and {Gillespie}, B. and {Gilmore}, G. and {Gonzalez}, B. and 
   {Gonzalez}, C.~F. and {Grebel}, E.~K. and {Gunn}, J.~E. and 
   {Gy{\"o}ry}, Z. and {Hall}, P.~B. and {Harding}, P. and {Harris}, F.~H.
   and 
   {Harvanek}, M. and {Hawley}, S.~L. and {Hayes}, J.~J.~E. and 
   {Heckman}, T.~M. and {Hendry}, J.~S. and {Hennessy}, G.~S. and 
   {Hindsley}, R.~B. and {Hoblitt}, J. and {Hogan}, C.~J. and {Hogg}, D.~W.
   and 
   {Holtzman}, J.Ã. and {Hyde}, J.~B. and {Ichikawa}, {S.-i.} and 
   {Ichikawa}, T. and {Im}, M. and {Ivezi{\'c}}, {\v Z}. and {Jester}, S. and 
   {Jiang}, L. and {Johnson}, J.Ã. and {Jorgensen}, A.~M. and 
   {Juri{\'c}}, M. and {Kent}, S.~M. and {Kessler}, R. and {Kleinman}, S.~J.
   and 
   {Knapp}, G.~R. and {Konishi}, K. and {Kron}, R.~G. and {Krzesinski}, J.
   and 
   {Kuropatkin}, N. and {Lampeitl}, H. and {Lebedeva}, S. and {Lee}, M.~G.
   and 
   {Lee}, Y.~S. and {Leger}, R.~F. and {L{\'e}pine}, S. and {Li}, N. and 
   {Lima}, M. and {Lin}, H. and {Long}, D.~C. and {Loomis}, C.~P. and 
   {Loveday}, J. and {Lupton}, R.~H. and {Magnier}, E. and {Malanushenko},
   O. and 
   {Malanushenko}, V. and {Mandelbaum}, R. and {Margon}, B. and 
   {Marriner}, J.~P. and {Mart{\'{\i}}nez-Delgado}, D. and {Matsubara}, T.
   and 
   {McGehee}, P.~M. and {McKay}, T.Ã. and {Meiksin}, A. and {Morrison},
   H.~L. and 
   {Mullally}, F. and {Munn}, J.Ã. and {Murphy}, T. and {Nash}, T. and 
   {Nebot}, A. and {Neilsen}, E.~H. and {Newberg}, H.~J. and {Newman}, P.~R.
   and 
   {Nichol}, R.~C. and {Nicinski}, T. and {Nieto-Santisteban}, M. and 
   {Nitta}, A. and {Okamura}, S. and {Oravetz}, D.~J. and {Ostriker}, J.~P.
   and 
   {Owen}, R. and {Padmanabhan}, N. and {Pan}, K. and {Park}, C. and 
   {Pauls}, G. and {Peoples}, J. and {Percival}, W.~J. and {Pier}, J.~R. and 
   {Pope}, A.~C. and {Pourbaix}, D. and {Price}, P.Ã. and {Purger}, N. and 
   {Quinn}, T. and {Raddick}, M.~J. and {Fiorentin}, P.~R. and 
   {Richards}, G.~T. and {Richmond}, M.~W. and {Riess}, A.~G. and 
   {Rix}, {H.-W.} and {Rockosi}, C.~M. and {Sako}, M. and {Schlegel}, D.~J.
   and 
   {Schneider}, D.~P. and {Scholz}, {R.-D.} and {Schreiber}, M.~R. and 
   {Schwope}, A.~D. and {Seljak}, U. and {Sesar}, B. and {Sheldon}, E. and 
   {Shimasaku}, K. and {Sibley}, V.~C. and {Simmons}, A.~E. and 
   {Sivarani}, T. and {Smith}, J.Ã. and {Smith}, M.~C. and {Smol{\v
   c}i{\'c}}, V. and 
   {Snedden}, S.Ã. and {Stebbins}, A. and {Steinmetz}, M. and 
   {Stoughton}, C. and {Strauss}, M.Ã. and {Subba Rao}, M. and 
   {Suto}, Y. and {Szalay}, A.~S. and {Szapudi}, I. and {Szkody}, P. and 
   {Tanaka}, M. and {Tegmark}, M. and {Teodoro}, L.~F.Ã. and {Thakar}, A.~R.
   and 
   {Tremonti}, C.Ã. and {Tucker}, D.~L. and {Uomoto}, A. and {Vanden Berk},
   D.~E. and 
   {Vandenberg}, J. and {Vidrih}, S. and {Vogeley}, M.~S. and {Voges}, W. and 
   {Vogt}, N.~P. and {Wadadekar}, Y. and {Watters}, S. and {Weinberg}, D.~H.
   and 
   {West}, A.Ã. and {White}, S.~D.~M. and {Wilhite}, B.~C. and 
   {Wonders}, A.~C. and {Yanny}, B. and {Yocum}, D.~R. and {York}, D.~G. and 
   {Zehavi}, I. and {Zibetti}, S. and {Zucker}, D.~B.},
   title = "{The Seventh Data Release of the Sloan Digital Sky Survey}",
   journal = {\apjs},
   archivePrefix = "arXiv",
   eprint = {0812.0649},
   keywords = {atlases, catalogs, surveys },
   year = 2009,
   month = jun,
   volume = 182,
   pages = {543-558},
   doi = {10.1088/0067-0049/182/2/543},
   adsurl = {http://adsabs.harvard.edu/abs/2009ApJS..182..543A},
   adsnote = {Provided by the SAO/NASA Astrophysics Data System}
}
  
